<record><leader>00000cas a2200000 a 4500</leader><controlfield tag="001">31190082</controlfield><controlfield tag="008">940928c19619999nyuwr ne      0    0eng c</controlfield><datafield ind1=" " ind2=" " tag="010"><subfield code="a">sn 95071025 </subfield></datafield><datafield ind1=" " ind2=" " tag="040"><subfield code="a">SGD</subfield><subfield code="b">eng</subfield><subfield code="c">SGD</subfield><subfield code="d">NYS</subfield><subfield code="d">OCLCQ</subfield><subfield code="d">OCLCF</subfield><subfield code="d">OCLCO</subfield><subfield code="d">VZT</subfield></datafield><datafield ind1="1" ind2=" " tag="029"><subfield code="a">AU@</subfield><subfield code="b">000011527014</subfield></datafield><datafield ind1=" " ind2=" " tag="042"><subfield code="a">pcc</subfield></datafield><datafield ind1=" " ind2=" " tag="043"><subfield code="a">n-us-ny</subfield></datafield><datafield ind1="0" ind2="4" tag="245"><subfield code="a">The Long Island advance.</subfield></datafield><datafield ind1="1" ind2="3" tag="246"><subfield code="a">Advance</subfield></datafield><datafield ind1="1" ind2="3" tag="246"><subfield code="a">Moriches Bay area advance</subfield></datafield><datafield ind1=" " ind2=" " tag="260"><subfield code="a">Patchogue, N.Y. :</subfield><subfield code="b">John Tuthill, Jr.,</subfield><subfield code="c">1961-</subfield></datafield><datafield ind1=" " ind2=" " tag="300"><subfield code="a">v.</subfield></datafield><datafield ind1=" " ind2=" " tag="310"><subfield code="a">Weekly</subfield></datafield><datafield ind1="0" ind2=" " tag="362"><subfield code="a">90th year, no. 36 (May 4, 1961)-</subfield></datafield><datafield ind1=" " ind2=" " tag="500"><subfield code="a">Publishers John Tuthill Jr., May 4, 1961-June 15, 1972; John Tuthill, III, June 22, 1972-</subfield></datafield><datafield ind1=" " ind2=" " tag="500"><subfield code="a">Published a separate section entitled Moriches Bay area advance, May 4, 1961-Aug. 23, 1984.</subfield></datafield><datafield ind1=" " ind2="0" tag="651"><subfield code="a">Patchogue (N.Y.)</subfield><subfield code="v">Newspapers.</subfield></datafield><datafield ind1=" " ind2="0" tag="651"><subfield code="a">Brookhaven (N.Y. : Town)</subfield><subfield code="v">Newspapers.</subfield></datafield><datafield ind1=" " ind2="0" tag="651"><subfield code="a">Suffolk County (N.Y.)</subfield><subfield code="v">Newspapers.</subfield></datafield><datafield ind1=" " ind2="7" tag="651"><subfield code="a">New York (State)</subfield><subfield code="z">Brookhaven (Town)</subfield><subfield code="2">fast</subfield><subfield code="0">(OCoLC)fst01333178</subfield></datafield><datafield ind1=" " ind2="7" tag="651"><subfield code="a">New York (State)</subfield><subfield code="z">Patchogue.</subfield><subfield code="2">fast</subfield><subfield code="0">(OCoLC)fst01221273</subfield></datafield><datafield ind1=" " ind2="7" tag="651"><subfield code="a">New York (State)</subfield><subfield code="z">Suffolk County.</subfield><subfield code="2">fast</subfield><subfield code="0">(OCoLC)fst01207260</subfield></datafield><datafield ind1=" " ind2="4" tag="651"><subfield code="a">Patchogue (N.Y.)</subfield><subfield code="x">Newspapers.</subfield></datafield><datafield ind1=" " ind2="4" tag="651"><subfield code="a">Brookhaven (N.Y. : Town)</subfield><subfield code="x">Newspapers.</subfield></datafield><datafield ind1=" " ind2="4" tag="651"><subfield code="a">Suffolk County (N.Y.)</subfield><subfield code="x">Newspapers.</subfield></datafield><datafield ind1=" " ind2="7" tag="655"><subfield code="a">Newspapers.</subfield><subfield code="2">fast</subfield><subfield code="0">(OCoLC)fst01423814</subfield></datafield><datafield ind1=" " ind2=" " tag="752"><subfield code="a">United States</subfield><subfield code="b">New York</subfield><subfield code="c">Suffolk</subfield><subfield code="d">Patchogue.</subfield></datafield><datafield ind1="0" ind2="4" tag="780"><subfield code="t">Patchogue advance</subfield><subfield code="w">(DLC)sn 86071739</subfield><subfield code="w">(OCoLC)13925176</subfield></datafield><datafield ind1="0" ind2="4" tag="780"><subfield code="t">Moriches tribune</subfield><subfield code="w">(DLC)sn 95071325</subfield><subfield code="w">(OCoLC)32847021</subfield></datafield><datafield ind1="0" ind2="5" tag="780"><subfield code="t">Long Island news (Coram, N.Y.)</subfield><subfield code="w">(DLC)sn 95071258</subfield><subfield code="w">(OCoLC)32732649</subfield></datafield><datafield ind1="0" ind2="5" tag="780"><subfield code="t">Record south</subfield><subfield code="g">1994</subfield><subfield code="w">(DLC)sn 95071267</subfield><subfield code="w">(OCoLC)32747698</subfield></datafield></record>